@misc
{
    ref1,
    author={Wikipedia},
    title={Minimum bounding box},
    month={Février},
    year={2015},
    note={\url{http://en.wikipedia.org/wiki/Minimum_bounding_box}}
}

@misc
{
    ref2,
    author={Mathworks},
    title={Regionprops},
    month={Février},
    year={2015},
    note={\url{http://fr.mathworks.com/help/images/ref/regionprops.html}}
}

@misc
{
    ref3,
    author={Mathworks},
    title={Matlab},
    month={Février},
    year={2015},
    note={\url{http://fr.mathworks.com}}
}

@misc
{
    ref4,
    author={PCL - Point Cloud Library},
    title={Pointclouds},
    month={Février},
    year={2015},
    note={\url{http://pointclouds.org/}}
}

@misc
{
    ref5,
    author={Point cloud},
    title={Pointclouds},
    month={Février},
    year={2015},
    note={\url{http://en.wikipedia.org/wiki/Point_cloud}}
}

@misc
{
    ref6,
    author={Georgios Papadimitriou},
    title={Spin images},
    month={Septembre},
    year={2010},
    note={\url{http://homepages.inf.ed.ac.uk/rbf/CVonline/LOCAL_COPIES/AV0910/SpinImages.pdf}}
}

@misc
{
    ref7,
    author={Wikipedia},
    title={Support vector machine},
    month={Avril},
    year={2015},
    note={\url{http://en.wikipedia.org/wiki/Support_vector_machine}}
}

@misc
{
    ref8,
    author={Antoine Cornuéjols},
    title={Les séparateurs à vaste marge et les méthodes à noyaux},
    month={Décembre},
    year={2014},
    note={\url{https://www.lri.fr/~antoine/Courses/Master-ISI/ISI-10/Tr-cours-SVM_2014_2x2.pdf}}
}

@misc
{
    ref9,
    author={Qi Gu and Zhifei Song},
    title={Image Classification Using SVM, KNN and Performance
Comparison with Logistic Regression},
    month={Mars},
    year={2009},
    note={\url{http://www.cs.dartmouth.edu/~afra/courses/44/w09/project/report/gu-song-report.pdf}}
}

@misc
{
    ref10,
    author={Olivier Chapelle},
    title={Support Vector Machines et Classification d’ Images},
    month={août},
    year={1998},
    note={\url{http://olivier.chapelle.cc/pub/intern98.pdf}}
}